%YAML 1.1
%TAG !u! tag:unity3d.com,2011:
--- !u!1001 &100100000
Prefab:
  m_ObjectHideFlags: 1
  serializedVersion: 2
  m_Modification:
    m_TransformParent: {fileID: 0}
    m_Modifications: []
    m_RemovedComponents: []
  m_ParentPrefab: {fileID: 0}
  m_RootGameObject: {fileID: 1000012925278160}
  m_IsPrefabParent: 1
--- !u!1 &1000011631181660
GameObject:
  m_ObjectHideFlags: 0
  m_PrefabParentObject: {fileID: 0}
  m_PrefabInternal: {fileID: 100100000}
  serializedVersion: 5
  m_Component:
  - component: {fileID: 4000012467433348}
  - component: {fileID: 33000011515427860}
  - component: {fileID: 64000012127076972}
  - component: {fileID: 114000011022647864}
  - component: {fileID: 114000012953007580}
  m_Layer: 0
  m_Name: Trigger_Menu
  m_TagString: Untagged
  m_Icon: {fileID: 0}
  m_NavMeshLayer: 0
  m_StaticEditorFlags: 0
  m_IsActive: 1
--- !u!1 &1000012925278160
GameObject:
  m_ObjectHideFlags: 0
  m_PrefabParentObject: {fileID: 0}
  m_PrefabInternal: {fileID: 100100000}
  serializedVersion: 5
  m_Component:
  - component: {fileID: 4000012105165296}
  - component: {fileID: 114000012396946964}
  m_Layer: 0
  m_Name: MediaPlayerController
  m_TagString: Untagged
  m_Icon: {fileID: 0}
  m_NavMeshLayer: 0
  m_StaticEditorFlags: 0
  m_IsActive: 1
--- !u!4 &4000012105165296
Transform:
  m_ObjectHideFlags: 1
  m_PrefabParentObject: {fileID: 0}
  m_PrefabInternal: {fileID: 100100000}
  m_GameObject: {fileID: 1000012925278160}
  m_LocalRotation: {x: 0, y: 0, z: 0, w: 1}
  m_LocalPosition: {x: 0, y: 0, z: 0}
  m_LocalScale: {x: 1, y: 1, z: 1}
  m_Children:
  - {fileID: 4000012467433348}
  m_Father: {fileID: 0}
  m_RootOrder: 0
  m_LocalEulerAnglesHint: {x: 0, y: 0, z: 0}
--- !u!4 &4000012467433348
Transform:
  m_ObjectHideFlags: 1
  m_PrefabParentObject: {fileID: 0}
  m_PrefabInternal: {fileID: 100100000}
  m_GameObject: {fileID: 1000011631181660}
  m_LocalRotation: {x: 0.7071068, y: -0, z: -0, w: 0.7071068}
  m_LocalPosition: {x: 0, y: -4, z: 0}
  m_LocalScale: {x: 5, y: 5, z: 5}
  m_Children: []
  m_Father: {fileID: 4000012105165296}
  m_RootOrder: 0
  m_LocalEulerAnglesHint: {x: 90, y: 0, z: 0}
--- !u!33 &33000011515427860
MeshFilter:
  m_ObjectHideFlags: 1
  m_PrefabParentObject: {fileID: 0}
  m_PrefabInternal: {fileID: 100100000}
  m_GameObject: {fileID: 1000011631181660}
  m_Mesh: {fileID: 4300000, guid: 64897ad91b30a5c4bb3eda6d0778cc64, type: 3}
--- !u!64 &64000012127076972
MeshCollider:
  m_ObjectHideFlags: 1
  m_PrefabParentObject: {fileID: 0}
  m_PrefabInternal: {fileID: 100100000}
  m_GameObject: {fileID: 1000011631181660}
  m_Material: {fileID: 0}
  m_IsTrigger: 0
  m_Enabled: 1
  serializedVersion: 2
  m_Convex: 0
  m_InflateMesh: 0
  m_SkinWidth: 0.01
  m_Mesh: {fileID: 4300000, guid: 64897ad91b30a5c4bb3eda6d0778cc64, type: 3}
--- !u!114 &114000011022647864
MonoBehaviour:
  m_ObjectHideFlags: 1
  m_PrefabParentObject: {fileID: 0}
  m_PrefabInternal: {fileID: 100100000}
  m_GameObject: {fileID: 1000011631181660}
  m_Enabled: 1
  m_EditorHideFlags: 0
  m_Script: {fileID: -1862395651, guid: f5f67c52d1564df4a8936ccd202a3bd8, type: 3}
  m_Name: 
  m_EditorClassIdentifier: 
  m_Delegates:
  - eventID: 0
    callback:
      m_PersistentCalls:
        m_Calls:
        - m_Target: {fileID: 114000012396946964}
          m_MethodName: GazeTriggered
          m_Mode: 1
          m_Arguments:
            m_ObjectArgument: {fileID: 0}
            m_ObjectArgumentAssemblyTypeName: UnityEngine.Object, UnityEngine
            m_IntArgument: 0
            m_FloatArgument: 0
            m_StringArgument: 
            m_BoolArgument: 0
          m_CallState: 2
      m_TypeName: UnityEngine.EventSystems.EventTrigger+TriggerEvent, UnityEngine.UI,
        Version=1.0.0.0, Culture=neutral, PublicKeyToken=null
  delegates: []
--- !u!114 &114000012396946964
MonoBehaviour:
  m_ObjectHideFlags: 1
  m_PrefabParentObject: {fileID: 0}
  m_PrefabInternal: {fileID: 100100000}
  m_GameObject: {fileID: 1000012925278160}
  m_Enabled: 1
  m_EditorHideFlags: 0
  m_Script: {fileID: 11500000, guid: 587edfbc92e0a244f837ef10ea6e12f8, type: 3}
  m_Name: 
  m_EditorClassIdentifier: 
  videoPlayerType: 0
  playListMode: 1
  fileName: Watermill.mp4
  fileNames:
  - minecraft01.mp4
  - Watermill.mp4
  target: {fileID: 0}
  playOnStart: 1
  menuPrefab: {fileID: 1000010292182316, guid: d0dfdd7546f75764bb3f28ec0b27e44d, type: 2}
  menuSpawnPosition: {fileID: 0}
  iconPlay: {fileID: 21300000, guid: 6979223dc8071cc42a0d96b2f03d0c36, type: 3}
  iconPause: {fileID: 21300006, guid: 6979223dc8071cc42a0d96b2f03d0c36, type: 3}
  iconPrevious: {fileID: 21300002, guid: 6979223dc8071cc42a0d96b2f03d0c36, type: 3}
  iconNext: {fileID: 21300004, guid: 6979223dc8071cc42a0d96b2f03d0c36, type: 3}
  iconVideoWall: {fileID: 21300008, guid: 6979223dc8071cc42a0d96b2f03d0c36, type: 3}
  menuSpawnMode: 0
  State: 1
--- !u!114 &114000012953007580
MonoBehaviour:
  m_ObjectHideFlags: 1
  m_PrefabParentObject: {fileID: 0}
  m_PrefabInternal: {fileID: 100100000}
  m_GameObject: {fileID: 1000011631181660}
  m_Enabled: 1
  m_EditorHideFlags: 0
  m_Script: {fileID: 11500000, guid: 53c946c0f9de28c4d858054e48c2b4bf, type: 3}
  m_Name: 
  m_EditorClassIdentifier: 
  hideReticle: 1
